@article{Matsushita2019,
  title = {Saddle-node bifurcation parameter detection strategy with nested-layer particle swarm optimization},
  volume = {119},
  ISSN = {0960-0779},
  url = {http://dx.doi.org/10.1016/j.chaos.2018.12.016},
  DOI = {10.1016/j.chaos.2018.12.016},
  journal = {Chaos,  Solitons amp; Fractals},
  publisher = {Elsevier BV},
  author = {Matsushita,  H. and Kurokawa,  H. and Kousaka,  T.},
  year = {2019},
  month = feb,
  pages = {126â€“134}
}

@article{Regier2016-vq,
  title     = "Learning an astronomical catalog of the visible universe through
               scalable Bayesian inference",
  author    = "Regier, Jeffrey and Pamnany, Kiran and Giordano, Ryan and
               Thomas, Rollin and Schlegel, David and McAuliffe, Jon and
               {Prabhat}",
  publisher = "arXiv",
  year      =  2016
}