@article{Urrea2022,
  author = {Claudio Urrea and John Kern and Ricardo López-Escobar},
  journal = {Symmetry},
  title = {Design of Chaotic Interleaver Based on Duffing Map for Turbo Code},
  year = {2022},
  volume = {14},
  number = {12},
  issn = {2073-8994},
  urldate = {2023-11-13},
  doi = {10.3390/sym14122529},
  url = {https://www.mdpi.com/2073-8994/14/12/2529},
}

@incollection{Lorenz2004,
  author = {Edward N. Lorenz},
  booktitle = {The Theory of Chaotic Attractors},
  title = {Deterministic Nonperiodic Flow},
  publisher = {Springer New York},
  address = {New York, NY},
  year = {2004},
  pages = {25-36},
  isbn = {978-1-4419-2330-1},
  urldate = {2023-11-13},
  doi = {10.1007/978-0-387-21830-4_2},
  url = {http://link.springer.com/10.1007/978-0-387-21830-4_2},
}

@article{Henon1976,
  author = {M. Hénon},
  journal = {Communications in Mathematical Physics},
  title = {A two-dimensional mapping with a strange attractor},
  year = {1976},
  pages = {69-77},
  volume = {50},
  number = {1},
  issn = {0010-3616},
  urldate = {2023-11-13},
  doi = {10.1007/BF01608556},
  url = {http://link.springer.com/10.1007/BF01608556},
}

@book{Lynch2014,
  author = {Stephen Lynch},
  title = {Dynamical Systems with Applications using MATLAB®},
  publisher = {Springer International Publishing},
  address = {Cham},
  year = {2014},
  isbn = {978-3-319-06819-0},
  urldate = {2023-11-13},
  doi = {10.1007/978-3-319-06820-6},
}

@book{Elaskar2017,
  author = {Sergio Elaskar and Ezequiel del Río},
  title = {New Advances on Chaotic Intermittency and its Applications},
  publisher = {Springer International Publishing},
  address = {Cham},
  year = {2017},
  isbn = {978-3-319-47836-4},
  urldate = {2023-11-13},
  doi = {10.1007/978-3-319-47837-1},
}

@book{Devaney20211026,
  author = {Robert L. Devaney},
  title = {An Introduction to Chaotic Dynamical Systems},
  publisher = {Chapman and Hall/CRC},
  address = {Boca Raton},
  year = {2021-10-26},
  isbn = {9780429280801},
  urldate = {2023-11-13},
  doi = {10.1201/9780429280801},
}

@article{Pomeau1980,
  author = {Yves Pomeau and Paul Manneville},
  journal = {Communications in Mathematical Physics},
  title = {Intermittent transition to turbulence in dissipative dynamical systems},
  year = {1980},
  pages = {189-197},
  volume = {74},
  number = {2},
  issn = {0010-3616},
  urldate = {2023-10-20},
  doi = {10.1007/BF01197757},
  url = {http://link.springer.com/10.1007/BF01197757},
}

@article{Manneville1980,
  author = {P. Manneville},
  journal = {Journal de Physique},
  title = {Intermittency, self-similarity and 1/f spectrum in dissipative dynamical systems},
  year = {1980},
  pages = {1235-1243},
  volume = {41},
  number = {11},
  issn = {0302-0738},
  urldate = {2023-11-12},
  doi = {10.1051/jphys:0198000410110123500},
  url = {http://www.edpsciences.org/10.1051/jphys:0198000410110123500},
}

@book{Datseris2022,
  author = {George Datseris and Ulrich Parlitz},
  title = {Nonlinear Dynamics},
  publisher = {Springer International Publishing},
  address = {Cham},
  year = {2022},
  isbn = {978-3-030-91031-0},
  urldate = {2023-11-08},
  doi = {10.1007/978-3-030-91032-7},
}

@article{May19760610,
  author = {Robert M. May},
  journal = {Nature},
  title = {Simple mathematical models with very complicated dynamics},
  year = {1976-06-10},
  pages = {459-467},
  volume = {261},
  number = {5560},
  issn = {0028-0836},
  urldate = {2023-11-08},
  doi = {10.1038/261459a0},
  url = {https://www.nature.com/articles/261459a0},
}

@article{Pikovsky19830311,
  author = {A S Pikovsky},
  journal = {Journal of Physics A: Mathematical and General},
  title = {A new type of intermittent transition to chaos},
  year = {1983-03-11},
  pages = {L109-L112},
  volume = {16},
  number = {4},
  issn = {0305-4470},
  urldate = {2023-10-19},
  doi = {10.1088/0305-4470/16/4/002},
  url = {https://iopscience.iop.org/article/10.1088/0305-4470/16/4/002},
}

@article{Jeffries1982,
  author = {Carson Jeffries and Jose Perez},
  journal = {Physical Review A},
  title = {Observation of a Pomeau-Manneville intermittent route to chaos in a nonlinear oscillator},
  year = {1982},
  pages = {2117-2122},
  volume = {26},
  number = {4},
  issn = {0556-2791},
  urldate = {2023-10-20},
  doi = {10.1103/PhysRevA.26.2117},
  url = {https://link.aps.org/doi/10.1103/PhysRevA.26.2117},
}

@article{Hirsch1982,
  author = {J. E. Hirsch and B. A. Huberman and D. J. Scalapino},
  journal = {Physical Review A},
  title = {Theory of intermittency},
  year = {1982},
  pages = {519-532},
  volume = {25},
  number = {1},
  issn = {0556-2791},
  urldate = {2023-10-20},
  doi = {10.1103/PhysRevA.25.519},
  url = {https://link.aps.org/doi/10.1103/PhysRevA.25.519},
}

@article{DaCunha2011,
  author = {Jeffrey J. DaCunha and John M. Davis},
  journal = {Journal of Differential Equations},
  title = {A unified Floquet theory for discrete, continuous, and hybrid periodic linear systems},
  year = {2011},
  pages = {2987-3027},
  volume = {251},
  number = {11},
  issn = {00220396},
  urldate = {2023-10-20},
  doi = {10.1016/j.jde.2011.07.023},
  url = {https://linkinghub.elsevier.com/retrieve/pii/S0022039611002804},
}

